[gd_scene load_steps=7 format=2]

[ext_resource path="res://Scripts/Camera.gd" type="Script" id=1]
[ext_resource path="res://GFX/Background/sky.jpg" type="Texture" id=2]
[ext_resource path="res://GFX/Background/cloud1.png" type="Texture" id=3]
[ext_resource path="res://GFX/Background/cloud2.png" type="Texture" id=4]
[ext_resource path="res://GFX/Background/cloud3.png" type="Texture" id=5]
[ext_resource path="res://Scenes/GUI.tscn" type="PackedScene" id=6]

[node name="Camera" type="Camera2D"]
current = true
zoom = Vector2( 0.8, 0.8 )
limit_left = 0
limit_right = 5360
limit_bottom = 1500
smoothing_enabled = true
smoothing_speed = 3.0
script = ExtResource( 1 )
__meta__ = {
"_edit_group_": true
}

[node name="ParallaxBackground" type="ParallaxBackground" parent="."]

[node name="ParallaxLayer" type="ParallaxLayer" parent="ParallaxBackground"]
editor/display_folded = true
motion_mirroring = Vector2( 3508, 0 )

[node name="Sprite" type="Sprite" parent="ParallaxBackground/ParallaxLayer"]
texture = ExtResource( 2 )
centered = false
offset = Vector2( 0, -1400 )

[node name="ParallaxLayer2" type="ParallaxLayer" parent="ParallaxBackground"]
motion_scale = Vector2( 1.05, 1.05 )
motion_mirroring = Vector2( 2480, 0 )

[node name="Sprite" type="Sprite" parent="ParallaxBackground/ParallaxLayer2"]
scale = Vector2( 0.5, 0.5 )
texture = ExtResource( 3 )
centered = false

[node name="ParallaxLayer3" type="ParallaxLayer" parent="ParallaxBackground"]
motion_scale = Vector2( 1.1, 1.1 )
motion_mirroring = Vector2( 2480, 0 )

[node name="Sprite" type="Sprite" parent="ParallaxBackground/ParallaxLayer3"]
position = Vector2( 1000, 600 )
scale = Vector2( 0.5, 0.5 )
texture = ExtResource( 4 )
centered = false

[node name="ParallaxLayer4" type="ParallaxLayer" parent="ParallaxBackground"]
motion_scale = Vector2( 1.3, 1.3 )
motion_mirroring = Vector2( 2480, 0 )

[node name="Sprite" type="Sprite" parent="ParallaxBackground/ParallaxLayer4"]
position = Vector2( 1200, -400 )
scale = Vector2( 0.5, 0.5 )
texture = ExtResource( 5 )
centered = false

[node name="GUI" parent="." instance=ExtResource( 6 )]

