[gd_scene load_steps=9 format=2]

[ext_resource path="res://Scripts/GUI.gd" type="Script" id=1]
[ext_resource path="res://GFX/GUI/lifeCoinsCounter.png" type="Texture" id=2]
[ext_resource path="res://GFX/GUI/Meatloaf Solid.ttf" type="DynamicFontData" id=3]
[ext_resource path="res://GFX/GUI/retry.png" type="Texture" id=4]
[ext_resource path="res://GFX/GUI/blackScreen.png" type="Texture" id=5]
[ext_resource path="res://GFX/GUI/victory.png" type="Texture" id=6]
[ext_resource path="res://SFX/Victory.ogg" type="AudioStream" id=7]

[sub_resource type="DynamicFont" id=1]
size = 90
outline_size = 2
outline_color = Color( 0, 0, 0, 1 )
font_data = ExtResource( 3 )

[node name="GUI" type="CanvasLayer"]
script = ExtResource( 1 )

[node name="LifeInfo" type="TextureRect" parent="."]
editor/display_folded = true
anchor_left = 1.0
anchor_right = 1.0
margin_left = -367.0
margin_top = 40.0
margin_right = -40.0
margin_bottom = 143.0
texture = ExtResource( 2 )
expand = true
stretch_mode = 6

[node name="Counter" type="RichTextLabel" parent="LifeInfo"]
anchor_right = 1.0
anchor_bottom = 1.0
margin_left = 174.455
margin_top = 4.77226
margin_right = 2.45544
margin_bottom = -1.22774
rect_clip_content = false
custom_fonts/normal_font = SubResource( 1 )
custom_colors/default_color = Color( 1, 1, 1, 1 )
text = "5
"
scroll_active = false

[node name="RetryButton" type="TextureButton" parent="."]
visible = false
anchor_left = 0.5
anchor_top = 0.5
anchor_right = 0.5
anchor_bottom = 0.5
margin_left = -150.0
margin_top = -61.5
margin_right = 150.0
margin_bottom = 61.5
disabled = true
texture_normal = ExtResource( 4 )

[node name="VictoryScreen" type="TextureRect" parent="."]
visible = false
anchor_right = 1.0
anchor_bottom = 1.0
texture = ExtResource( 5 )
expand = true

[node name="VictoryPopup" type="TextureRect" parent="VictoryScreen"]
anchor_left = 0.5
anchor_top = 0.5
anchor_right = 0.5
anchor_bottom = 0.5
margin_left = -603.385
margin_top = -445.29
margin_right = 2904.62
margin_bottom = 2034.71
rect_scale = Vector2( 0.36, 0.36 )
texture = ExtResource( 6 )
expand = true

[node name="VictoryMusic" type="AudioStreamPlayer" parent="."]
stream = ExtResource( 7 )
volume_db = -3.0

[connection signal="pressed" from="RetryButton" to="." method="_on_RetryButton_pressed"]
